<collection xmlns="http://www.loc.gov/MARC21/slim"><record><leader>00903nam  2200277   450</leader><controlfield tag="001">878</controlfield><controlfield tag="003">http://montalegre.opacnet.com/OPAC/default.aspx?ContentAreaControl=ShowRegHoldings.ascx&amp;RegNo=16662</controlfield><datafield tag="100" ind1=" " ind2=" "><subfield code="a">20061013d198?    m  y0pory0103    ba</subfield></datafield><datafield tag="101" ind1="1" ind2=" "><subfield code="a">por</subfield><subfield code="c">eng</subfield></datafield><datafield tag="102" ind1=" " ind2=" "><subfield code="a">PT</subfield></datafield><datafield tag="105" ind1=" " ind2=" "><subfield code="a">y   z   000ay</subfield></datafield><datafield tag="106" ind1=" " ind2=" "><subfield code="a">r</subfield></datafield><datafield tag="200" ind1="1" ind2=" "><subfield code="a">&lt;O &gt;inverno do nosso descontentamento</subfield><subfield code="f">John Steinbeck</subfield><subfield code="g">tradução João Belchior Viegas</subfield></datafield><datafield tag="210" ind1=" " ind2=" "><subfield code="a">Lisboa</subfield><subfield code="c">Livros do Brasil</subfield><subfield code="d">[198?]</subfield></datafield><datafield tag="215" ind1=" " ind2=" "><subfield code="a">301, [2] p.</subfield><subfield code="d">21 cm</subfield></datafield><datafield tag="225" ind1="2" ind2=" "><subfield code="a">Dois mundos</subfield><subfield code="v">76</subfield></datafield><datafield tag="304" ind1=" " ind2=" "><subfield code="a">Tít. orig.: The winter of our discontent</subfield></datafield><datafield tag="334" ind1=" " ind2=" "><subfield code="a">Prémio Nobel</subfield><subfield code="c">1962</subfield></datafield><datafield tag="334" ind1=" " ind2=" "><subfield code="a">Prémio Pulitzer</subfield><subfield code="d">EUA</subfield></datafield><datafield tag="606" ind1="1" ind2=" "><subfield code="a">Literatura americana</subfield></datafield><datafield tag="608" ind1=" " ind2=" "><subfield code="a">Romance</subfield></datafield><datafield tag="675" ind1=" " ind2=" "><subfield code="a">821</subfield></datafield><datafield tag="700" ind1=" " ind2="1"><subfield code="a">Steinbeck</subfield><subfield code="b">John</subfield><subfield code="f">1902-1968</subfield></datafield><datafield tag="702" ind1=" " ind2="1"><subfield code="a">Viegas</subfield><subfield code="b">João Belchior</subfield><subfield code="4">730</subfield></datafield><datafield tag="801" ind1=" " ind2="0"><subfield code="a">PT</subfield><subfield code="b">Biblioteca Municipal de Montalegre</subfield><subfield code="g">RPC</subfield></datafield><datafield tag="856" ind1=" " ind2=" "><subfield code="u">locateMedia.asp?cod=20060627172234&amp;ext=jpg</subfield><subfield code="z">CAPA</subfield></datafield><datafield tag="909" ind1="&#9;" ind2=" "><subfield code="a">1</subfield></datafield><datafield tag="966" ind1=" " ind2=" "><subfield code="a">0009212</subfield><subfield code="l">BMM</subfield><subfield code="s">SCG 821 STE inv 76</subfield></datafield></record></collection>